@BOOK{Smith:2012qr,
	title = {{B}ook {T}itle},
	publisher = {Publisher},
	author = {Smith, J.~M. and Jones, A.~B.},
	year = {2012},
	edition = {7th},
}

@ARTICLE{Smith:2013jd,
	author = {Jones, A.~B. and Smith, J.~M.},
	title = {{A}rticle {T}itle},
	journal = {Journal title},
	year = {2013},
	volume = {13},
	pages = {123-456},
	number = {52},
	month = {March},
	publisher = {Publisher}
}

@misc{Matlab:Arduino,
  title = {Arduino Support from MATLAB},
  howpublished = {\url{https://de.mathworks.com/hardware-support/arduino-matlab.html}},
  note = {Accessed: 7/10/2016}
}

@misc{Arduino:Started,
  title = {Arduino getting started},
  howpublished = {\url{https://www.pozyx.io/Documentation/Tutorials/gettingStarted}},
  note = {Accessed: 7/10/2016}
}

@BOOK{BP,
	title = {Cooperative Localization in Wireless Networks},
	publisher = {IEE},
	author = {Henk Wymeersch, Jaime Lien and Moe Z. Win},
	year = {2009},
	edition = {Vol. 97},
}

@misc{Pozyx:localize,
  title = {Arduino tutorial: ready to localize},
  howpublished = {\url{https://www.pozyx.io/Documentation/Tutorials/ready_to_localize}},
  note = {Accessed: 7/10/2016}
}

@misc{Pozyx:ranging,
  title = {Arduino tutorial: ready to localize},
  howpublished = {\url{https://www.pozyx.io/Documentation/Tutorials/ready_to_range}},
  note = {Accessed: 9/10/2016}
}